<?xml version="1.0" encoding="UTF-8"?>
<marc21:record xmlns:marc21="http://www.loc.gov/MARC21/slim" xmlns:xsi="http://www.w3.org/2001/XMLSchema-instance" xsi:schemaLocation="http://www.loc.gov/MARC21/slim http://www.loc.gov/standards/marcxml/schema/MARC21slim.xsd">
   <marc21:leader>00000nkmaa  000005ak4500</marc21:leader>
   <marc21:controlfield tag="008">000000|19501959xx|||||||||||||||||d</marc21:controlfield>
   <marc21:datafield ind1=" " ind2=" " tag="035">
      <marc21:subfield code="a">(DSI-AAA)16526</marc21:subfield>
   </marc21:datafield>
   <marc21:datafield ind1=" " ind2=" " tag="040">
      <marc21:subfield code="a">DSI-AAA</marc21:subfield>
      <marc21:subfield code="e">gihc</marc21:subfield>
   </marc21:datafield>
   <marc21:datafield ind1=" " ind2=" " tag="098">
      <marc21:subfield code="a">Archives of American Art</marc21:subfield>
      <marc21:subfield code="b">AAA</marc21:subfield>
   </marc21:datafield>
   <marc21:datafield ind1="1" ind2=" " tag="100">
      <marc21:subfield code="a">Bachrach, Fabian</marc21:subfield>
      <marc21:subfield code="c" />
      <marc21:subfield code="d">1917-2010</marc21:subfield>
      <marc21:subfield code="e">photographer</marc21:subfield>
   </marc21:datafield>
   <marc21:datafield ind1="0" ind2="0" tag="245">
      <marc21:subfield code="a">Lloyd Goodrich</marc21:subfield>
   </marc21:datafield>
   <marc21:datafield ind1=" " ind2=" " tag="260">
      <marc21:subfield code="c">195-</marc21:subfield>
   </marc21:datafield>
   <marc21:datafield ind1=" " ind2=" " tag="300">
      <marc21:subfield code="a">1 photographic print  :</marc21:subfield>
      <marc21:subfield code="b">b&amp;w ;</marc21:subfield>
      <marc21:subfield code="c">36 x 28 cm.</marc21:subfield>
   </marc21:datafield>
   <marc21:datafield ind1=" " ind2=" " tag="520">
      <marc21:subfield code="a">Date range based on Goodrich's approximate age in photo.</marc21:subfield>
   </marc21:datafield>
   <marc21:datafield ind1=" " ind2=" " tag="561">
      <marc21:subfield code="a" />
   </marc21:datafield>
   <marc21:datafield ind1=" " ind2=" " tag="590">
      <marc21:subfield code="a" />
   </marc21:datafield>
   <marc21:datafield ind1=" " ind2="0" tag="600">
      <marc21:subfield code="a">Goodrich, Lloyd</marc21:subfield>
      <marc21:subfield code="x" />
      <marc21:subfield code="2" />
   </marc21:datafield>
   <marc21:datafield ind1=" " ind2="7" tag="650">
      <marc21:subfield code="a">Portrait photography</marc21:subfield>
      <marc21:subfield code="x" />
      <marc21:subfield code="2" />
   </marc21:datafield>
   <marc21:datafield ind1=" " ind2="7" tag="655">
      <marc21:subfield code="a">Photographs</marc21:subfield>
      <marc21:subfield code="x" />
      <marc21:subfield code="2">AAA</marc21:subfield>
   </marc21:datafield>
   <marc21:datafield ind1=" " ind2=" " tag="773">
      <marc21:subfield code="t">Lloyd Goodrich papers</marc21:subfield>
      <marc21:subfield code="d">1884-1987, bulk 1927-1987</marc21:subfield>
   </marc21:datafield>
   <marc21:datafield ind1=" " ind2=" " tag="852">
      <marc21:subfield code="a">Archives of American Art, Smithsonian Institution</marc21:subfield>
      <marc21:subfield code="e">Washington, D.C. 20560</marc21:subfield>
   </marc21:datafield>
   <marc21:datafield ind1="4" ind2=" " tag="856">
      <marc21:subfield code="3">Record Link</marc21:subfield>
      <marc21:subfield code="u">http://www.aaa.si.edu/collections/items/detail/lloyd-goodrich-16526</marc21:subfield>
   </marc21:datafield>
   <marc21:datafield ind1="4" ind2=" " tag="856">
      <marc21:subfield code="3">Thumbnail</marc21:subfield>
      <marc21:subfield code="u">http://www.aaa.si.edu/assets/images/goodlloy/thumbnail/AAA_goodlloy_49003.jpg</marc21:subfield>
      <marc21:subfield code="x" />
   </marc21:datafield>
   <marc21:datafield ind1="4" ind2=" " tag="856">
      <marc21:subfield code="3">Fullsize</marc21:subfield>
      <marc21:subfield code="u">http://www.aaa.si.edu/assets/images/goodlloy/fullsize/AAA_goodlloy_49003.jpg</marc21:subfield>
      <marc21:subfield code="x" />
   </marc21:datafield>
   <marc21:datafield ind1="4" ind2=" " tag="856">
      <marc21:subfield code="3">Thumbnail</marc21:subfield>
      <marc21:subfield code="u">http://www.aaa.si.edu/assets/images/goodlloy/thumbnail/AAA_goodlloy_49004.jpg</marc21:subfield>
      <marc21:subfield code="x">1</marc21:subfield>
   </marc21:datafield>
   <marc21:datafield ind1="4" ind2=" " tag="856">
      <marc21:subfield code="3">Fullsize</marc21:subfield>
      <marc21:subfield code="u">http://www.aaa.si.edu/assets/images/goodlloy/fullsize/AAA_goodlloy_49004.jpg</marc21:subfield>
      <marc21:subfield code="x">1</marc21:subfield>
   </marc21:datafield>
</marc21:record>

